@techreport{Postel1981,
    doi = {10.17487/rfc0791},
    url = {https://doi.org/10.17487/rfc0791},
    year = {1981},
    month = sep,
    publisher = {{RFC} Editor},
    author = {J. Postel},
    title = {Internet Protocol}
}