@misc{smart-garden-controller,
  author = {Renan Coelho and Temple Corson and Geovanny Chirino and Alexander Burns},
  note   = {UCF Self-Sponsored Senior Design Project},
  title  = {Smart Garden Controller},
  url    = {https://www.ece.ucf.edu/seniordesign/su2018fa2018/g12/index.html},
  year   = {2018}
}

@misc{stem-n-leaf,
  author       = {Adam Loree and Brandon Mitchell and Don Ellington and Jon Rodriguez},
  howpublished = {web},
  title        = {Stem 'n' Leaf: Modular Hydroponics},
  url          = {https://www.ece.ucf.edu/seniordesign/sp2021su2021/g07/},
  year         = {2021}
}

@misc{green-steel,
  author       = {Christopher Hodge and Ryan Azore and Johron Williams and Jon Powell},
  howpublished = {web},
  url          = {https://www.ece.ucf.edu/seniordesign/su2021fa2021/g11/},
  title        = {Green Steel Garden},
  year         = {2021}
}