@unpublished{Cao,
  author = {Yuan Cao},
  title  = {A $500 DIY near-IR spectrometer that would sell for $10,000},
  institution = {Massachusetts Institute of Technology},
  url    = {https://caoyuan.scripts.mit.edu/ir_spec.html}
}

@article{Mouazen2007,
  doi = {10.1016/j.still.2006.03.009},
  url = {https://doi.org/10.1016/j.still.2006.03.009},
  year = {2007},
  month = mar,
  publisher = {Elsevier {BV}},
  volume = {93},
  number = {1},
  pages = {13--27},
  author = {A.M. Mouazen and M.R. Maleki and J. De Baerdemaeker and H. Ramon},
  title = {On-line measurement of some selected soil properties using a {VIS}{\textendash}{NIR} sensor},
  journal = {Soil and Tillage Research}
}

@unpublished{Davidson,
  author = {Michael W. Davidson},
  title  = {Education in Microscopy and Digital Imaging},
    institution = {National High Magnetic Field Laboratory, Florida State University}
  url = {https://zeiss-campus.magnet.fsu.edu/articles/lightsources/tungstenhalogen.html}
}

@techreport{NewportCorp,
  author      = {Newport Corporation},
  institution = {Newport Corporation},
  title       = {Fiber Optic Coupling},
  url = {https://www.newport.com/n/fiber-optic-coupling}
}

@unpublished{Doric,
  author = {Sead Doric},
  title  = {Lighting up innovative optical fiber applications},
  year   = {2019},
  url = {Lighting up innovative optical fiber applications}
}

@misc{Thorlabs,
    author = {Thorlabs, Inc.},
    institution = {Thorlabs, Inc.},
    note = {Grating Angular Calculation image},
    url = {https://www.thorlabs.com/newgrouppage9.cfm?objectgroup_id=26}
}

@unpublished{key,
  author = {Mila Luleva and Herman Vedder},
  institution = {AgroCares}
  title  = {Near-Infrared Spectroscopy for soil analysis},
  url = {https://www.agrocares.com/2020/11/03/near-infrared-spectroscopy-for-soil-analysis/}
}