@misc{docker-tag,
  author       = {Docker},
  howpublished = {web},
  title         = {Docker Homepage},
  url   = {https://www.docker.com/}
}

@manual{docker-what-container,
  author       = {Docker},
  url          = {https://www.docker.com/resources/what-container/},
  title        = {Use Containers to Build, Share, and Run your applications}
}